<record><leader>00000cas a22000007a 4500</leader><controlfield tag="001">14227573</controlfield><controlfield tag="008">860917d18801911txuwr ne      0    0eng d</controlfield><datafield ind1=" " ind2=" " tag="010"><subfield code="a">sn 86089243 </subfield></datafield><datafield ind1=" " ind2=" " tag="040"><subfield code="a">PPM</subfield><subfield code="b">eng</subfield><subfield code="c">PPM</subfield><subfield code="d">OCLCQ</subfield></datafield><datafield ind1=" " ind2=" " tag="042"><subfield code="a">msc</subfield></datafield><datafield ind1="0" ind2="4" tag="245"><subfield code="a">The Kaufman sun.</subfield></datafield><datafield ind1=" " ind2=" " tag="260"><subfield code="a">Kaufman, Tex. :</subfield><subfield code="b">Lafayette R. Brown</subfield></datafield><datafield ind1=" " ind2=" " tag="300"><subfield code="a">v. ;</subfield><subfield code="c">53 cm.</subfield></datafield><datafield ind1=" " ind2=" " tag="310"><subfield code="a">Weekly</subfield></datafield><datafield ind1=" " ind2=" " tag="321"><subfield code="a">Weekly,</subfield><subfield code="b">&lt;June 25, 1880&gt;-Jan. 7, 1910</subfield></datafield><datafield ind1=" " ind2=" " tag="321"><subfield code="a">Triweekly,</subfield><subfield code="b">Jan. 13-Dec. 3, 1910</subfield></datafield><datafield ind1=" " ind2=" " tag="321"><subfield code="a">Semiweekly,</subfield><subfield code="b">Dec. 6, 1910-&lt;Jan. 27, 1911&gt;</subfield></datafield><datafield ind1="1" ind2=" " tag="362"><subfield code="a">Began in 1880; ceased in 1911?</subfield></datafield><datafield ind1=" " ind2=" " tag="500"><subfield code="a">Publisher: Byron Drew &amp; Co., June 25, 1880-</subfield></datafield><datafield ind1=" " ind2=" " tag="588"><subfield code="a">Description based on: Vol. 1, no. 2 (Apr. 16, 1880).</subfield></datafield><datafield ind1=" " ind2=" " tag="752"><subfield code="a">United States</subfield><subfield code="b">Texas</subfield><subfield code="c">Kaufman</subfield><subfield code="d">Kaufman.</subfield></datafield><datafield ind1="0" ind2="0" tag="780"><subfield code="t">Noon day sun</subfield></datafield></record>